% Encoding: UTF-8

@InProceedings{DSouza2020,
  author    = {Rollen S. D'Souza and Christopher Nielsen},
  booktitle = {2020 {American Control Conference} ({ACC})},
  title     = {Piecewise-Linear Path Following for a Unicycle using Transverse Feedback Linearization},
  year      = {2020},
  month     = {7},
  publisher = {{IEEE}},
  doi       = {10.23919/acc45564.2020.9147473},
}

@InProceedings{DSouza2018,
  author    = {Rollen S. D'Souza and Christopher Nielsen},
  booktitle = {2018 {IEEE Conference on Decision and Control} ({CDC})},
  title     = {Dual Conditions for Local Transverse Feedback Linearization},
  year      = {2018},
  month     = dec,
  publisher = {{IEEE}},
  doi       = {10.1109/cdc.2018.8619815},
}

@InCollection{Joukov2017,
  author    = {Vlad Joukov and Rollen D'Souza and Dana Kuli{\'{c}}},
  booktitle = {{Springer Proceedings in Advanced Robotics}},
  publisher = {{Springer International Publishing}},
  title     = {Human Pose Estimation from Imperfect Sensor Data via the Extended Kalman Filter},
  year      = {2017},
  pages     = {789--798},
  doi       = {10.1007/978-3-319-50115-4_68},
}

@Comment{jabref-meta: databaseType:bibtex;}
