@book{Olver1995,
	author = {Peter J. Olver},
	title = {Equivalence, Invariants and Symmetry},
    publisher = {Cambridge University Press},
	isbn = {0521478111}
}
@book{Gardner1989,
	author = {Robert B. Gardner},
	title = {The Method of Equivalence and Its Applications},
    publisher = {Society for Industrial and Applied Mathematics},
	isbn = {0898712408}
}
@book{Bryant1999,
	author = {R. L. Bryant and S. S. Chern and R. B. Gardner and H. L. Goldschmidt and P. A. Griffiths},
	title = {Exterior Differential Systems},
    publisher = {Springer-Verlag New York},
	isbn = {0387974113}
}

