@article{c1,
	author = {Giannis Haralabopoulos and Ioannis Anagnostopoulos},
	title = {Lifespan and propagation of information in Online Social Networks: A case study based on Reddit},
	journal = {Journal of Network and Computer Applications},
	doi = {10.1016/j.jnca.2015.06.006}
}

@article{c2,
	author = {Paraskevas Tsantarliotis, Evaggelia Pitoura and Panayiotis Tsaparas},
	title = {Defining and predicting troll vulnerability in online social media},
	journal = {Social Network Analysis and Mining},
	volume = 7,
	number = 26,
	month = 12,
	year = 2017,
	doi = {10.1007/s13278-017-0445-2}
}

@article{c3,
	author = {Alexey N. Medvedev, Jean-Charles Delvenne and Renaud Lambiotte},
	title = {Modelling structure and predicting dynamics of discussion threads in online boards},
	arxiv = {1801.10082}
}

@proceedings{imc,
	title        = {IMC '18: Proceedings of the Internet Measurement Conference 2018},
	shorttitle   = {IMC '18},
	eventdate    = {2018-10-31/2018-11-02},
	venue        = {Boston, MA, USA},
	isbn         = {978-1-4503-5619-0},
	publisher    = {Association for Computing Machinery},
	date         = {2018},
}

@inproceedings{c4,
	author = {Savvas Zannettou, Tristan Caulfield, Jeremy Blackburn, Emiliano De Cristofaro, Michael Sirivianos, Gianluca  Stringhini and Guillermo Suarez-Tangil},
	title = {On the Origins of Memes by Means of Fringe Web Communities},
	pages = {188-202},
	crossref = {imc},
	doi = {10.1145/3278532.3278550}
}

@article{c5,
	author = {Kumar},
	title = {Community Interaction and Conflict on the Web},
	doi = {10.1145/3178876.3186141}
}

@misc{c6, title={Reddit PushShift Archive}, howpublished={https://files.pushshift.io/reddit/}}